<record><leader>00000cas a22000007a 4500</leader><controlfield tag="001">32595579</controlfield><controlfield tag="008">950605d198u1994fluwr ne      0    0eng d</controlfield><datafield ind1=" " ind2=" " tag="010"><subfield code="a">sn 95068810 </subfield></datafield><datafield ind1=" " ind2=" " tag="040"><subfield code="a">MGN</subfield><subfield code="b">eng</subfield><subfield code="c">MGN</subfield><subfield code="d">HUL</subfield><subfield code="d">FUG</subfield><subfield code="d">OCLCQ</subfield><subfield code="d">OCLCF</subfield><subfield code="d">OCLCO</subfield><subfield code="d">OCLCQ</subfield></datafield><datafield ind1=" " ind2=" " tag="042"><subfield code="a">msc</subfield></datafield><datafield ind1=" " ind2=" " tag="043"><subfield code="a">n-us-fl</subfield></datafield><datafield ind1=" " ind2=" " tag="096"><subfield code="a">015010403</subfield></datafield><datafield ind1="0" ind2="0" tag="245"><subfield code="a">Broward Jewish world.</subfield></datafield><datafield ind1=" " ind2=" " tag="260"><subfield code="a">Boca Raton, FL :</subfield><subfield code="b">Jewish Media Group,</subfield><subfield code="c">-1994.</subfield></datafield><datafield ind1=" " ind2=" " tag="300"><subfield code="a">v. :</subfield><subfield code="b">ill.</subfield></datafield><datafield ind1=" " ind2=" " tag="310"><subfield code="a">Weekly</subfield></datafield><datafield ind1="0" ind2=" " tag="362"><subfield code="a">-v. 13, no. 7 [i.e. 8] (Feb. 25-Mar. 3, 1994).</subfield></datafield><datafield ind1=" " ind2=" " tag="530"><subfield code="a">Also issued on microfilm from the American Jewish Periodical Center, Cincinnati, Ohio.</subfield></datafield><datafield ind1=" " ind2=" " tag="580"><subfield code="a">Merged with: Palm Beach Jewish world (West Palm Beach, Fla. : 1989), and: Miami Jewish tribune, to form: South Florida Jewish tribune (Miami, Fla. : Broward ed.).</subfield></datafield><datafield ind1=" " ind2=" " tag="588"><subfield code="a">Description based on: Vol. 10, no. 44 (Oct. 25-31, 1991).</subfield></datafield><datafield ind1=" " ind2="0" tag="650"><subfield code="a">Jewish newspapers</subfield><subfield code="z">Florida.</subfield></datafield><datafield ind1=" " ind2="0" tag="651"><subfield code="a">Boca Raton (Fla.)</subfield><subfield code="v">Newspapers.</subfield></datafield><datafield ind1=" " ind2="0" tag="651"><subfield code="a">Palm Beach County (Fla.)</subfield><subfield code="v">Newspapers.</subfield></datafield><datafield ind1=" " ind2="0" tag="651"><subfield code="a">Broward County (Fla.)</subfield><subfield code="v">Newspapers.</subfield></datafield><datafield ind1=" " ind2="7" tag="650"><subfield code="a">Jewish newspapers.</subfield><subfield code="2">fast</subfield><subfield code="0">(OCoLC)fst00982872</subfield></datafield><datafield ind1=" " ind2="7" tag="651"><subfield code="a">Florida.</subfield><subfield code="2">fast</subfield><subfield code="0">(OCoLC)fst01205150</subfield></datafield><datafield ind1=" " ind2="7" tag="651"><subfield code="a">Florida</subfield><subfield code="z">Boca Raton.</subfield><subfield code="2">fast</subfield><subfield code="0">(OCoLC)fst01205583</subfield></datafield><datafield ind1=" " ind2="7" tag="651"><subfield code="a">Florida</subfield><subfield code="z">Broward County.</subfield><subfield code="2">fast</subfield><subfield code="0">(OCoLC)fst01202766</subfield></datafield><datafield ind1=" " ind2="7" tag="651"><subfield code="a">Florida</subfield><subfield code="z">Palm Beach County.</subfield><subfield code="2">fast</subfield><subfield code="0">(OCoLC)fst01205639</subfield></datafield><datafield ind1=" " ind2="7" tag="655"><subfield code="a">Newspapers.</subfield><subfield code="2">fast</subfield><subfield code="0">(OCoLC)fst01423814</subfield></datafield><datafield ind1=" " ind2="7" tag="655"><subfield code="a">United States</subfield><subfield code="x">Periodicals.</subfield><subfield code="2">lcsh</subfield></datafield><datafield ind1=" " ind2=" " tag="752"><subfield code="a">United States</subfield><subfield code="b">Florida</subfield><subfield code="c">Palm Beach</subfield><subfield code="d">Boca Raton.</subfield></datafield><datafield ind1=" " ind2=" " tag="752"><subfield code="a">United States</subfield><subfield code="b">Florida</subfield><subfield code="c">Broward.</subfield></datafield><datafield ind1="1" ind2="7" tag="785"><subfield code="t">Palm Beach Jewish world (West Palm Beach, Fla. : 1989)</subfield><subfield code="w">(DLC)sn 91065006</subfield><subfield code="w">(OCoLC)23288796</subfield></datafield><datafield ind1="1" ind2="7" tag="785"><subfield code="t">Miami Jewish tribune</subfield><subfield code="x">0891-6659</subfield><subfield code="w">(DLC)sn 86010622</subfield><subfield code="w">(OCoLC)14947978</subfield></datafield><datafield ind1="1" ind2="7" tag="785"><subfield code="t">South Florida Jewish tribune (Miami, Fla. : Broward ed.)</subfield><subfield code="w">(DLC)sn 95068811</subfield><subfield code="w">(OCoLC)32595670</subfield></datafield><datafield ind1="1" ind2=" " tag="029"><subfield code="a">AU@</subfield><subfield code="b">000025892437</subfield></datafield></record>